@book{coulouris88,
author = "George Coulouris and Jean Dollimore and Tim Kindberg",
title = "Distributed Systems: Concepts and Design",
year = "1988",
publisher = "Addison-Wesley"
}

 @misc{wiki:optimistic-concurrency,
   author = "Wikipedia",
   title = "Optmistic Concurrency --- {W}ikipedia{,} The Free Encyclopedia",
   year = "2012",
   url = "http://de.wikipedia.org/wiki/Optimistic_Concurrency",
   note = "[Online; accessed 10-May-2012]"
 }

@book{tanenbaum07,
author = "Andrew S. Tanenbaum and Maarten Van Steen",
title = "Distributed systems: principles and paradigms",
year = "2007",
publisher = "Pearson Prentice Hall"
}